%YAML 1.1
%TAG !u! tag:unity3d.com,2011:
--- !u!1 &1274336735146675941
GameObject:
  m_ObjectHideFlags: 0
  m_CorrespondingSourceObject: {fileID: 0}
  m_PrefabInstance: {fileID: 0}
  m_PrefabAsset: {fileID: 0}
  serializedVersion: 6
  m_Component:
  - component: {fileID: 1274336735146675937}
  - component: {fileID: 1274336735146675938}
  - component: {fileID: 1274336735146675940}
  - component: {fileID: 1274336735146675939}
  - component: {fileID: 7353430512588213971}
  m_Layer: 0
  m_Name: VideoStreamParticipant
  m_TagString: Untagged
  m_Icon: {fileID: 0}
  m_NavMeshLayer: 0
  m_StaticEditorFlags: 0
  m_IsActive: 1
--- !u!224 &1274336735146675937
RectTransform:
  m_ObjectHideFlags: 0
  m_CorrespondingSourceObject: {fileID: 0}
  m_PrefabInstance: {fileID: 0}
  m_PrefabAsset: {fileID: 0}
  m_GameObject: {fileID: 1274336735146675941}
  m_LocalRotation: {x: -0, y: -0, z: -0, w: 1}
  m_LocalPosition: {x: 0, y: 0, z: -16.368027}
  m_LocalScale: {x: 1, y: 1, z: 1}
  m_Children:
  - {fileID: 3441167740983182314}
  m_Father: {fileID: 0}
  m_RootOrder: 0
  m_LocalEulerAnglesHint: {x: 0, y: 0, z: 0}
  m_AnchorMin: {x: 0.5, y: 0.5}
  m_AnchorMax: {x: 0.5, y: 0.5}
  m_AnchoredPosition: {x: 626.2, y: 302}
  m_SizeDelta: {x: 442.4, y: 284.3}
  m_Pivot: {x: 0.5, y: 0.5}
--- !u!222 &1274336735146675938
CanvasRenderer:
  m_ObjectHideFlags: 0
  m_CorrespondingSourceObject: {fileID: 0}
  m_PrefabInstance: {fileID: 0}
  m_PrefabAsset: {fileID: 0}
  m_GameObject: {fileID: 1274336735146675941}
  m_CullTransparentMesh: 0
--- !u!114 &1274336735146675940
MonoBehaviour:
  m_ObjectHideFlags: 0
  m_CorrespondingSourceObject: {fileID: 0}
  m_PrefabInstance: {fileID: 0}
  m_PrefabAsset: {fileID: 0}
  m_GameObject: {fileID: 1274336735146675941}
  m_Enabled: 1
  m_EditorHideFlags: 0
  m_Script: {fileID: 11500000, guid: 638c870cac4da414fba921606d504407, type: 3}
  m_Name: 
  m_EditorClassIdentifier: 
  m_VideoLocation: 0
  m_VideoPath: http://192.168.1.33:8080/
  m_AutoOpen: 1
  m_AutoStart: 1
  m_Loop: 1
  m_Volume: 1
  m_Balance: 0
  m_Muted: 0
  m_PlaybackRate: 1
  m_Resample: 0
  m_ResampleMode: 0
  m_ResampleBufferSize: 5
  m_Persistent: 0
  m_videoMapping: 0
  m_StereoPacking: 0
  m_AlphaPacking: 0
  m_DisplayDebugStereoColorTint: 0
  m_FilterMode: 1
  m_WrapMode: 1
  m_AnisoLevel: 0
  m_LoadSubtitles: 0
  m_SubtitleLocation: 2
  m_SubtitlePath: 
  m_AudioHeadTransform: {fileID: 0}
  m_AudioFocusEnabled: 0
  m_AudioFocusTransform: {fileID: 0}
  m_AudioFocusWidthDegrees: 90
  m_AudioFocusOffLevelDB: 0
  m_events:
    m_PersistentCalls:
      m_Calls: []
  m_eventMask: -1
  m_forceFileFormat: 0
  _pauseMediaOnAppPause: 1
  _playMediaOnAppUnpause: 1
  m_sourceSampleRate: 0
  m_sourceChannels: 0
  m_manuallySetAudioSourceProperties: 0
  _optionsWindows:
    overridePath: 0
    pathLocation: 2
    path: 
    videoApi: 0
    useHardwareDecoding: 1
    useUnityAudio: 0
    forceAudioResample: 1
    useTextureMips: 0
    hintAlphaChannel: 0
    useLowLatency: 0
    forceAudioOutputDeviceName: 
    preferredFilters: []
    enableAudio360: 0
    audio360ChannelMode: 0
  _optionsMacOSX:
    overridePath: 0
    pathLocation: 2
    path: 
    audioMode: 0
    httpHeaders: []
    httpHeaderJson: 
    keyServerURLOverride: 
    keyServerAuthToken: 
    base64EncodedKeyBlob: 
  _optionsIOS:
    overridePath: 0
    pathLocation: 2
    path: 
    audioMode: 0
    httpHeaders: []
    httpHeaderJson: 
    keyServerURLOverride: 
    keyServerAuthToken: 
    base64EncodedKeyBlob: 
    useYpCbCr420Textures: 1
    resumePlaybackOnAudioSessionRouteChange: 0
  _optionsTVOS:
    overridePath: 0
    pathLocation: 2
    path: 
    audioMode: 0
    httpHeaders: []
    httpHeaderJson: 
    keyServerURLOverride: 
    keyServerAuthToken: 
    base64EncodedKeyBlob: 
    useYpCbCr420Textures: 1
    resumePlaybackOnAudioSessionRouteChange: 0
  _optionsAndroid:
    overridePath: 0
    pathLocation: 2
    path: 
    videoApi: 2
    useFastOesPath: 0
    showPosterFrame: 0
    enableAudio360: 0
    audio360ChannelMode: 0
    preferSoftwareDecoder: 0
    httpHeaders: []
    httpHeaderJson: 
    fileOffset: 0
  _optionsWindowsPhone:
    overridePath: 0
    pathLocation: 2
    path: 
    useHardwareDecoding: 1
    useUnityAudio: 0
    forceAudioResample: 1
    useTextureMips: 0
    useLowLatency: 0
  _optionsWindowsUWP:
    overridePath: 0
    pathLocation: 2
    path: 
    useHardwareDecoding: 1
    useUnityAudio: 0
    forceAudioResample: 1
    useTextureMips: 0
    useLowLatency: 0
  _optionsWebGL:
    overridePath: 0
    pathLocation: 2
    path: 
    externalLibrary: 0
    useTextureMips: 0
  _optionsPS4:
    overridePath: 0
    pathLocation: 2
    path: 
--- !u!114 &1274336735146675939
MonoBehaviour:
  m_ObjectHideFlags: 0
  m_CorrespondingSourceObject: {fileID: 0}
  m_PrefabInstance: {fileID: 0}
  m_PrefabAsset: {fileID: 0}
  m_GameObject: {fileID: 1274336735146675941}
  m_Enabled: 1
  m_EditorHideFlags: 0
  m_Script: {fileID: 11500000, guid: 0f17cdc186456a4469a139a104d2ca72, type: 3}
  m_Name: 
  m_EditorClassIdentifier: 
  m_Material: {fileID: 0}
  m_Color: {r: 1, g: 1, b: 1, a: 1}
  m_RaycastTarget: 1
  m_OnCullStateChanged:
    m_PersistentCalls:
      m_Calls: []
  _mediaPlayer: {fileID: 1274336735146675940}
  m_UVRect:
    serializedVersion: 2
    x: 0
    y: 0
    width: 1
    height: 1
  _setNativeSize: 0
  _scaleMode: 2
  _noDefaultDisplay: 1
  _displayInEditor: 1
  _defaultTexture: {fileID: 0}
--- !u!114 &7353430512588213971
MonoBehaviour:
  m_ObjectHideFlags: 0
  m_CorrespondingSourceObject: {fileID: 0}
  m_PrefabInstance: {fileID: 0}
  m_PrefabAsset: {fileID: 0}
  m_GameObject: {fileID: 1274336735146675941}
  m_Enabled: 1
  m_EditorHideFlags: 0
  m_Script: {fileID: 1392445389, guid: f70555f144d8491a825f0804e09c671c, type: 3}
  m_Name: 
  m_EditorClassIdentifier: 
  m_Navigation:
    m_Mode: 3
    m_SelectOnUp: {fileID: 0}
    m_SelectOnDown: {fileID: 0}
    m_SelectOnLeft: {fileID: 0}
    m_SelectOnRight: {fileID: 0}
  m_Transition: 1
  m_Colors:
    m_NormalColor: {r: 1, g: 1, b: 1, a: 1}
    m_HighlightedColor: {r: 0.9607843, g: 0.9607843, b: 0.9607843, a: 1}
    m_PressedColor: {r: 0.78431374, g: 0.78431374, b: 0.78431374, a: 1}
    m_DisabledColor: {r: 0.78431374, g: 0.78431374, b: 0.78431374, a: 0.5019608}
    m_ColorMultiplier: 1
    m_FadeDuration: 0.1
  m_SpriteState:
    m_HighlightedSprite: {fileID: 0}
    m_PressedSprite: {fileID: 0}
    m_DisabledSprite: {fileID: 0}
  m_AnimationTriggers:
    m_NormalTrigger: Normal
    m_HighlightedTrigger: Highlighted
    m_PressedTrigger: Pressed
    m_DisabledTrigger: Disabled
  m_Interactable: 1
  m_TargetGraphic: {fileID: 1274336735146675939}
  m_OnClick:
    m_PersistentCalls:
      m_Calls: []
--- !u!1 &5060486141348731837
GameObject:
  m_ObjectHideFlags: 0
  m_CorrespondingSourceObject: {fileID: 0}
  m_PrefabInstance: {fileID: 0}
  m_PrefabAsset: {fileID: 0}
  serializedVersion: 6
  m_Component:
  - component: {fileID: 3441167740983182314}
  - component: {fileID: 6578651015302037703}
  - component: {fileID: 1206606803047434363}
  m_Layer: 0
  m_Name: Text
  m_TagString: Untagged
  m_Icon: {fileID: 0}
  m_NavMeshLayer: 0
  m_StaticEditorFlags: 0
  m_IsActive: 1
--- !u!224 &3441167740983182314
RectTransform:
  m_ObjectHideFlags: 0
  m_CorrespondingSourceObject: {fileID: 0}
  m_PrefabInstance: {fileID: 0}
  m_PrefabAsset: {fileID: 0}
  m_GameObject: {fileID: 5060486141348731837}
  m_LocalRotation: {x: 0, y: 0, z: 0, w: 1}
  m_LocalPosition: {x: 0, y: 0, z: 0}
  m_LocalScale: {x: 1, y: 1, z: 1}
  m_Children: []
  m_Father: {fileID: 1274336735146675937}
  m_RootOrder: 0
  m_LocalEulerAnglesHint: {x: 0, y: 0, z: 0}
  m_AnchorMin: {x: 0.5, y: 0.5}
  m_AnchorMax: {x: 0.5, y: 0.5}
  m_AnchoredPosition: {x: -39.3, y: -104.6}
  m_SizeDelta: {x: 333, y: 39.9}
  m_Pivot: {x: 0.5, y: 0.5}
--- !u!222 &6578651015302037703
CanvasRenderer:
  m_ObjectHideFlags: 0
  m_CorrespondingSourceObject: {fileID: 0}
  m_PrefabInstance: {fileID: 0}
  m_PrefabAsset: {fileID: 0}
  m_GameObject: {fileID: 5060486141348731837}
  m_CullTransparentMesh: 0
--- !u!114 &1206606803047434363
MonoBehaviour:
  m_ObjectHideFlags: 0
  m_CorrespondingSourceObject: {fileID: 0}
  m_PrefabInstance: {fileID: 0}
  m_PrefabAsset: {fileID: 0}
  m_GameObject: {fileID: 5060486141348731837}
  m_Enabled: 1
  m_EditorHideFlags: 0
  m_Script: {fileID: 708705254, guid: f70555f144d8491a825f0804e09c671c, type: 3}
  m_Name: 
  m_EditorClassIdentifier: 
  m_Material: {fileID: 0}
  m_Color: {r: 1, g: 1, b: 1, a: 1}
  m_RaycastTarget: 1
  m_OnCullStateChanged:
    m_PersistentCalls:
      m_Calls: []
  m_FontData:
    m_Font: {fileID: 10102, guid: 0000000000000000e000000000000000, type: 0}
    m_FontSize: 24
    m_FontStyle: 0
    m_BestFit: 0
    m_MinSize: 2
    m_MaxSize: 40
    m_Alignment: 0
    m_AlignByGeometry: 0
    m_RichText: 1
    m_HorizontalOverflow: 0
    m_VerticalOverflow: 0
    m_LineSpacing: 1
  m_Text: 
